<collection xmlns="http://www.loc.gov/MARC21/slim">
<record>
  <leader>02301nam0a2200385 i 450 </leader>
  <controlfield tag="001">IT\ICCU\CNCE\039908</controlfield>
  <controlfield tag="005">20061206000000.0</controlfield>
  <datafield tag="012" ind1=" " ind2=" ">
    <subfield code="a">cai- s-n- ca,&amp; nati (3) 1581 (A)</subfield>
    <subfield code="2">fei</subfield>
  </datafield>
  <datafield tag="100" ind1=" " ind2=" ">
    <subfield code="a">19981031d1581        0itac0103    ba</subfield>
  </datafield>
  <datafield tag="101" ind1=" " ind2=" ">
    <subfield code="a">ITA</subfield>
  </datafield>
  <datafield tag="102" ind1=" " ind2=" ">
    <subfield code="a">IT</subfield>
  </datafield>
  <datafield tag="200" ind1="1" ind2=" ">
    <subfield code="a">℗Le ℗piaceuoli e ridicolose facetie di m. Poncino Dalla Torre cremonese nelle quali si leggono diuerse burle da lui astutamente fatte, di non poca dilettazione e trastullo a&apos; lettori ... Datte \!! in luce ad instanza di m. Thomaso Vacchello, libraro in Cremona</subfield>
  </datafield>
  <datafield tag="210" ind1=" " ind2=" ">
    <subfield code="a">In Cremona</subfield>
    <subfield code="c">\Tommaso Vacchello!</subfield>
    <subfield code="d">1581</subfield>
    <subfield code="e">In Cremona</subfield>
    <subfield code="g">appresso Christoforo Draconi</subfield>
    <subfield code="g">ad instanza di m. Tomaso Vacchello</subfield>
    <subfield code="h">1581</subfield>
  </datafield>
  <datafield tag="215" ind1=" " ind2=" ">
    <subfield code="a">\5!, 64 c.</subfield>
    <subfield code="d">8ʻ</subfield>
  </datafield>
  <datafield tag="620" ind1=" " ind2=" ">
    <subfield code="a">IT</subfield>
    <subfield code="d">Cremona</subfield>
  </datafield>
  <datafield tag="700" ind1=" " ind2="1">
    <subfield code="a">Dalla_Torre,</subfield>
    <subfield code="b">Poncino</subfield>
    <subfield code="3">IT\ICCU\CNCA\004562</subfield>
  </datafield>
  <datafield tag="712" ind1="0" ind2="0">
    <subfield code="a">Vacchello, Tommaso</subfield>
    <subfield code="3">IT\ICCU\CNCT\001039</subfield>
    <subfield code="4">650</subfield>
  </datafield>
  <datafield tag="712" ind1="0" ind2="0">
    <subfield code="a">Draconi, Cristoforo</subfield>
    <subfield code="3">IT\ICCU\CNCT\000063</subfield>
    <subfield code="4">650</subfield>
  </datafield>
  <datafield tag="790" ind1=" " ind2="1">
    <subfield code="a">Torre,</subfield>
    <subfield code="b">Poncino : dalla</subfield>
    <subfield code="3">IT\ICCU\CNCA\014971</subfield>
    <subfield code="z">Dalla_Torre, Poncino</subfield>
  </datafield>
  <datafield tag="790" ind1=" " ind2="0">
    <subfield code="a">Ponzinus</subfield>
    <subfield code="c"> : a#Turre</subfield>
    <subfield code="3">IT\ICCU\CNCA\020851</subfield>
    <subfield code="z">Dalla_Torre, Poncino</subfield>
  </datafield>
  <datafield tag="791" ind1="0" ind2="0">
    <subfield code="a">Vacchellius, Thomas</subfield>
    <subfield code="3">IT\ICCU\CNCT\005723</subfield>
    <subfield code="z">Vacchello, Tommaso</subfield>
  </datafield>
  <datafield tag="791" ind1="0" ind2="0">
    <subfield code="a">Vachello, Tomaso</subfield>
    <subfield code="3">IT\ICCU\CNCT\005724</subfield>
    <subfield code="z">Vacchello, Tommaso</subfield>
  </datafield>
  <datafield tag="791" ind1="0" ind2="0">
    <subfield code="a">Dragoni, Cristoforo</subfield>
    <subfield code="3">IT\ICCU\CNCT\003781</subfield>
    <subfield code="z">Draconi, Cristoforo</subfield>
  </datafield>
  <datafield tag="791" ind1="0" ind2="0">
    <subfield code="a">Draconius, Christophorus</subfield>
    <subfield code="3">IT\ICCU\CNCT\004736</subfield>
    <subfield code="z">Draconi, Cristoforo</subfield>
  </datafield>
  <datafield tag="801" ind1=" " ind2="3">
    <subfield code="a">IT</subfield>
    <subfield code="b">ICCU</subfield>
    <subfield code="c">20201114</subfield>
  </datafield>
  <datafield tag="899" ind1=" " ind2=" ">
    <subfield code="a">Biblioteca statale. Cremona</subfield>
    <subfield code="1">CR0062</subfield>
    <subfield code="2">LO1 28</subfield>
  </datafield>
  <datafield tag="899" ind1=" " ind2=" ">
    <subfield code="a">Biblioteca Apostolica Vaticana. Citt ̉del Vaticano</subfield>
    <subfield code="1">EX0001</subfield>
    <subfield code="2">ZCV 01</subfield>
  </datafield>
  <datafield tag="899" ind1=" " ind2=" ">
    <subfield code="a">Biblioteca nazionale centrale. Firenze</subfield>
    <subfield code="1">FI0098</subfield>
    <subfield code="2">CFI CF</subfield>
  </datafield>
  <datafield tag="899" ind1=" " ind2=" ">
    <subfield code="a">Biblioteca Labronica Francesco Domenico Guerrazzi. Livorno</subfield>
    <subfield code="1">LI0011</subfield>
    <subfield code="2">LIA FA</subfield>
  </datafield>
  <datafield tag="899" ind1=" " ind2=" ">
    <subfield code="a">Archivio storico civico e Biblioteca Trivulziana. Milano</subfield>
    <subfield code="1">MI0327</subfield>
    <subfield code="2">LO1 13</subfield>
  </datafield>
  <datafield tag="899" ind1=" " ind2=" ">
    <subfield code="a">Biblioteca Palatina. Parma</subfield>
    <subfield code="1">PR0072</subfield>
    <subfield code="2">PAR PA</subfield>
  </datafield>
  <datafield tag="899" ind1=" " ind2=" ">
    <subfield code="a">Biblioteca  Panizzi. Reggio Emilia</subfield>
    <subfield code="1">RE0052</subfield>
    <subfield code="2">RE2 PA</subfield>
  </datafield>
  <datafield tag="899" ind1=" " ind2=" ">
    <subfield code="a">Biblioteca dell&apos;Accademia nazionale dei Lincei e Corsiniana. Roma</subfield>
    <subfield code="z">MUTILO</subfield>
    <subfield code="1">RM0418</subfield>
    <subfield code="2">RML 10</subfield>
  </datafield>
  <datafield tag="899" ind1=" " ind2=" ">
    <subfield code="a">Biblioteca d&apos;arte del Museo civico Correr. Venezia</subfield>
    <subfield code="1">VE0039</subfield>
    <subfield code="2">VEA BC</subfield>
  </datafield>
  <datafield tag="921" ind1=" " ind2=" ">
    <subfield code="a">IT\ICCU\CNCM\000314</subfield>
    <subfield code="b">Stella cometa con sette piccole stelle tra le punte. In cornice figurata</subfield>
    <subfield code="e">Inter omnes</subfield>
    <subfield code="c">Z370</subfield>
    <subfield code="d">Dimensioni: 4,5 x 6,3</subfield>
    <subfield code="f">INTEROMNES</subfield>
    <subfield code="f">STELLA</subfield>
    <subfield code="f">COMETA</subfield>
    <subfield code="g">1536-1587</subfield>
  </datafield>
</record>
</collection>
